@article{lasek2013,
 title={The predictive power of ranking systems in association football},
 author={Lasek, Jan and Szl{\'a}vik, Zolt{\'a}n and Bhulai, Sandjai},
 journal={International Journal of Applied Pattern Recognition},
 volume={1},
 number={1},
 pages={27--46},
 year={2013},
 publisher={Inderscience Publishers Ltd., PO Box 735 Olney Bucks MK 46 5 WB United Kingdom}
}


@misc{eloratings,
 title = {The World Football Elo Rating System},
 howpublished = {\url{http://www.eloratings.net/system.html}},
 note = {Accessed: 2012-03-03},
 year={2012}
}

@misc{fupa,
 title = {FuPa.net},
 howpublished = {\url{https://www.fupa.net/liga/recklinghausen-kreisliga-a-gruppe-2/powerrankings}},
 note = {Accessed: 2020-04-16},
 year={2020}
}

@article{baseball,
 title={Can he hit? Measuring and prognosis of offensiveperformance by baseball teams and individual teammembers},
 author={Lobeck, Max and David Schulze and Paul Berb√©e},
 journal={Seminar Paper, B.Sc. VWL HU Berlin},
 year={2015}
}

@book{albert2007,
  title={Curve ball: Baseball, statistics, and the role of chance in the game},
  author={Albert, Jim and Bennett, Jay},
  year={2007},
  publisher={Springer Science \& Business Media}
}

@article{correa,
  title={The next winner of the 2018 FIFA World Cup will be...: An illustration of the use of statistical simulation to make a prediction in a complex tournament.},
  author={Correa, M and Barrera-Causil, Carlos and Marmolejo-Ramos, Fernando},
  journal={Chilean Journal of Statistics (ChJS)},
  volume={9},
  number={1},
  year={2018}
}


